% Encoding: UTF-8

@Book{Martin.2009,
  author    = {Martin, Robert C.},
  publisher = {Prentice Hall},
  title     = {Clean Code},
  year      = {2009},
  isbn      = {0132350882},
  date      = {2009-03-01},
  ean       = {9780132350884},
  pagetotal = {464},
  url       = {https://www.ebook.de/de/product/7442113/robert_c_martin_clean_code.html},
}

@Comment{jabref-meta: databaseType:bibtex;}
